
<record>
  <controlfield tag="001">1693737</controlfield>
  <datafield tag="024" ind1="7" ind2=" ">
    <subfield code="2">DOI</subfield>
    <subfield code="9">submitter</subfield>
    <subfield code="a">10.1134/S1063778818020023</subfield>
  </datafield>
  <datafield tag="035" ind1=" " ind2=" ">
    <subfield code="9">INSPIRETeX</subfield>
    <subfield code="a">Achasov:2018ygm</subfield>
  </datafield>
  <datafield tag="035" ind1=" " ind2=" ">
    <subfield code="9">DESY</subfield>
    <subfield code="z">D18-kj38o</subfield>
  </datafield>
  <datafield tag="245" ind1=" " ind2=" ">
    <subfield code="9">submitter</subfield>
    <subfield code="a">Measurement of the $e^+e^\to\eta K^+K^$ Cross Section by Means of the SND Detector</subfield>
  </datafield>
<datafield tag="710" ind1=" " ind2=" ">
<subfield code="g">SND</subfield>
</datafield>
</record>