
<record>
  <controlfield tag="001">144382</controlfield>
  <datafield tag="035" ind1=" " ind2=" ">
    <subfield code="z">D80-03041</subfield>
    <subfield code="9">DESY</subfield>
  </datafield>
  <datafield tag="035" ind1=" " ind2=" ">
    <subfield code="a">Himel:1979dj</subfield>
    <subfield code="9">SPIRESTeX</subfield>
  </datafield>
  <datafield tag="037" ind1=" " ind2=" ">
    <subfield code="a">SLAC-0223</subfield>
  </datafield>
  <datafield tag="037" ind1=" " ind2=" ">
    <subfield code="a">UMI-80-16831</subfield>
  </datafield>
  <datafield tag="037" ind1=" " ind2=" ">
    <subfield code="a">SLAC-R-0223</subfield>
  </datafield>
  <datafield tag="037" ind1=" " ind2=" ">
    <subfield code="a">SLAC-R-223</subfield>
  </datafield>
  <datafield tag="245" ind1=" " ind2=" ">
    <subfield code="a">DECAYS OF THE psi-prime (3684) TO OTHER CHARMONIUM STATES</subfield>
  </datafield>
<datafield tag="710" ind1=" " ind2=" ">
<subfield code="g">MARK-II</subfield>
</datafield>
</record>