
<record>
  <controlfield tag="001">208231</controlfield>
  <datafield tag="035" ind1=" " ind2=" ">
    <subfield code="9">DESY</subfield>
    <subfield code="z">D84-12668</subfield>
  </datafield>
  <datafield tag="035" ind1=" " ind2=" ">
    <subfield code="9">SPIRESTeX</subfield>
    <subfield code="a">Kurdadze:1984dz</subfield>
  </datafield>
  <datafield tag="035" ind1=" " ind2=" ">
    <subfield code="a">ins208231</subfield>
    <subfield code="9">HEPDATA</subfield>
  </datafield>
  <datafield tag="245" ind1=" " ind2=" ">
    <subfield code="a">STUDY OF THE REACTION E+ E- ---&gt; PI+ PI- IN THE ENERGY RANGE FROM 640-MEV - 1400-MEV</subfield>
  </datafield>
<datafield tag="710" ind1=" " ind2=" ">
<subfield code="g">OLYA</subfield>
</datafield>
</record>