
<record>
  <controlfield tag="001">321108</controlfield>
  <datafield tag="024" ind1="7" ind2=" ">
    <subfield code="2">DOI</subfield>
    <subfield code="a">10.1016/0370-1573(91)90127-8</subfield>
  </datafield>
  <datafield tag="035" ind1=" " ind2=" ">
    <subfield code="9">DESY</subfield>
    <subfield code="z">D91-12306</subfield>
  </datafield>
  <datafield tag="035" ind1=" " ind2=" ">
    <subfield code="9">SPIRESTeX</subfield>
    <subfield code="a">Dolinsky:1991vq</subfield>
  </datafield>
  <datafield tag="035" ind1=" " ind2=" ">
    <subfield code="a">ins321108</subfield>
    <subfield code="9">HEPDATA</subfield>
  </datafield>
  <datafield tag="245" ind1=" " ind2=" ">
    <subfield code="a">Summary of experiments with the neutral detector at the e+ e- storage ring VEPP-2M</subfield>
  </datafield>
<datafield tag="710" ind1=" " ind2=" ">
<subfield code="g">ND</subfield>
</datafield>
</record>